@article{bailey2018social,
  title={Social connectedness: Measurement, determinants, and effects},
  author={Bailey, Michael and Cao, Rachel and Kuchler, Theresa and Stroebel, Johannes and Wong, Arlene},
  journal={Journal of Economic Perspectives},
  volume={32},
  number={3},
  pages={259--280},
  year={2018},
  publisher={American Economic Association 2014 Broadway, Suite 305, Nashville, TN 37203-2418}
}

@article{goh2003sandpile,
  title={Sandpile on scale-free networks},
  author={Goh, K-I and Lee, D-S and Kahng, B and Kim, D},
  journal={Physical review letters},
  volume={91},
  number={14},
  pages={148701},
  year={2003},
  publisher={APS}
}

@article{brummitt2012suppressing,
  title={Suppressing cascades of load in interdependent networks},
  author={Brummitt, Charles D and Dâ€™Souza, Raissa M and Leicht, Elizabeth A},
  journal={Proceedings of the national academy of sciences},
  volume={109},
  number={12},
  pages={E680--E689},
  year={2012},
  publisher={National Acad Sciences}
}

@article{bonabeau1995sandpile,
  title={Sandpile dynamics on random graphs},
  author={Bonabeau, Eric},
  journal={Journal of the Physical Society of Japan},
  volume={64},
  number={1},
  pages={327--328},
  year={1995},
  publisher={The Physical Society of Japan}
}

@article{bak1987self,
  title={Self-organized criticality: An explanation of the 1/f noise},
  author={Bak, Per and Tang, Chao and Wiesenfeld, Kurt},
  journal={Physical review letters},
  volume={59},
  number={4},
  pages={381},
  year={1987},
  publisher={APS}
}

@article{alstrom1988mean,
  title={Mean-field exponents for self-organized critical phenomena},
  author={Alstr{\o}m, Preben},
  journal={Physical Review A},
  volume={38},
  number={9},
  pages={4905},
  year={1988},
  publisher={APS}
}


@article{axelrod1997dissemination,
  title={The dissemination of culture: A model with local convergence and global polarization},
  author={Axelrod, Robert},
  journal={Journal of conflict resolution},
  volume={41},
  number={2},
  pages={203--226},
  year={1997},
  publisher={Sage Periodicals Press 2455 Teller Road, Thousand Oaks, CA 91320}
}

@article{castellano2000nonequilibrium,
  title={Nonequilibrium phase transition in a model for social influence},
  author={Castellano, Claudio and Marsili, Matteo and Vespignani, Alessandro},
  journal={Physical Review Letters},
  volume={85},
  number={16},
  pages={3536},
  year={2000},
  publisher={APS}
}

@article{miguel2005binary,
  title={Binary and multivariate stochastic models of consensus formation},
  author={Miguel, Maxi San and Eguiluz, Victor M and Toral, Raul and Klemm, Konstantin},
  journal={Computing in Science \& Engineering},
  volume={7},
  number={6},
  pages={67--73},
  year={2005},
  publisher={IEEE}
}


@misc{MetaForGood,
	author = {},
	title = {Social Connectedness Index
- dataforgood.facebook.com},
	howpublished = {\url{https://dataforgood.facebook.com/dfg/tools/social-connectedness-index}},
	year = {},
	note = {[Accessed 13-Aug-2024]},
}

@misc{eurostat, title={Package eurostat - CRAN}, howpublished={\url{https://cran.r-project.org/web/packages/eurostat/index.html}}, note={[Accessed 13-Aug-2024]}}

@misc{geodata, title={Package geodata - CRAN}, howpublished={\url{https://cran.r-project.org/web/packages/geodata/index.html}}, note={[Accessed 13-Aug-2024]}}

@misc{tigris, title={Package tigris - CRAN}, howpublished={\url{https://cran.r-project.org/web/packages/tigris/}}, note={[Accessed 13-Aug-2024]}}

@misc{GADM, title={GADM maps and data}, howpublished={\url{https://gadm.org/index.html}}, note={[Accessed 13-Aug-2024]}}


@misc{NetworkX, title={Package NetworkX}, howpublished={\url{https://networkx.org/documentation/stable/index.html}}, note={[Accessed 4-Sept-2024]}}





